% Bibliography file for LaTeX document
% Add your references here

@article{sample_reference,
    title={A Sample Article Title},
    author={Author, First and Another, Second},
    journal={Journal of Sample Research},
    volume={42},
    number={3},
    pages={123--145},
    year={2023},
    publisher={Academic Press}
}

@book{sample_book,
    title={A Sample Book Title},
    author={Bookauthor, First},
    year={2022},
    publisher={University Press},
    address={City, Country}
}

@inproceedings{sample_conference,
    title={A Sample Conference Paper},
    author={Conference, Author},
    booktitle={Proceedings of the International Conference on Sample Topics},
    pages={67--89},
    year={2023},
    organization={IEEE}
}

@misc{sample_website,
    title={Sample Website},
    author={{Organization Name}},
    year={2023},
    url={https://example.com},
    note={Accessed: 2023-12-01}
}

@techreport{sample_report,
    title={Sample Technical Report},
    author={Report, Author},
    institution={Research Institute},
    year={2023},
    number={TR-2023-001}
} 